<?xml version="1.0" encoding="UTF-8"?>
<AuditFile xmlns="urn:OECD:StandardAuditFile-Tax:PT_1.04_01" xmlns:xsi="http://www.w3.org/2001/XMLSchema-instance" xsi:schemaLocation="urn:OECD:StandardAuditFile-Tax:PT_1.04_01 SAFTPT1.04_01.xsd">
  <Header>
    <AuditFileVersion>1.04_01</AuditFileVersion>
    <CompanyID>509898989</CompanyID>
    <TaxRegistrationNumber>509898989</TaxRegistrationNumber>
    <TaxAccountingBasis>F</TaxAccountingBasis>
    <CompanyName>Empresa de Tecnologia e Consultoria, Lda.</CompanyName>
    <BusinessName>TechConsult</BusinessName>
    <CompanyAddress>
      <BuildingNumber>100</BuildingNumber>
      <StreetName>Avenida da Inovação</StreetName>
      <AddressDetail>Edifício Central, 3º Andar</AddressDetail>
      <City>Lisboa</City>
      <PostalCode>1600-001</PostalCode>
      <Country>PT</Country>
    </CompanyAddress>
    <FiscalYear>2023</FiscalYear>
    <StartDate>2023-01-01</StartDate>
    <EndDate>2023-12-31</EndDate>
    <CurrencyCode>EUR</CurrencyCode>
    <DateCreated>2024-01-25</DateCreated>
    <TaxEntity>Global</TaxEntity>
    <ProductCompanyTaxID>501234567</ProductCompanyTaxID>
    <SoftwareCertificateNumber>2023</SoftwareCertificateNumber>
    <ProductID>TarefAI-Billing</ProductID>
    <ProductVersion>2.1</ProductVersion>
    <HeaderComment>Ficheiro SAF-T (PT) para o ano fiscal de 2023</HeaderComment>
    <Telephone>210999888</Telephone>
    <Email>contabilidade@techconsult.pt</Email>
    <Website>www.techconsult.pt</Website>
  </Header>
  <MasterFiles>
    <Customer>
      <CustomerID>CLI001</CustomerID>
      <AccountID>2111</AccountID>
      <CustomerTaxID>501111222</CustomerTaxID>
      <CompanyName>Comércio Alfa, S.A.</CompanyName>
      <BillingAddress>
        <StreetName>Rua das Flores</StreetName>
        <City>Porto</City>
        <PostalCode>4000-100</PostalCode>
        <Country>PT</Country>
      </BillingAddress>
      <SelfBillingIndicator>0</SelfBillingIndicator>
    </Customer>
    <Customer>
      <CustomerID>CLI002</CustomerID>
      <AccountID>2112</AccountID>
      <CustomerTaxID>503333444</CustomerTaxID>
      <CompanyName>Serviços Beta, Unipessoal Lda.</CompanyName>
      <BillingAddress>
        <StreetName>Praça do Comércio</StreetName>
        <City>Lisboa</City>
        <PostalCode>1100-148</PostalCode>
        <Country>PT</Country>
      </BillingAddress>
      <SelfBillingIndicator>0</SelfBillingIndicator>
    </Customer>
    <Product>
      <ProductType>P</ProductType>
      <ProductCode>PROD001</ProductCode>
      <ProductDescription>Componente Eletrónico X</ProductDescription>
      <ProductNumberCode>PROD001</ProductNumberCode>
    </Product>
    <Product>
      <ProductType>S</ProductType>
      <ProductCode>SERV001</ProductCode>
      <ProductDescription>Serviço de Consultoria</ProductDescription>
      <ProductNumberCode>SERV001</ProductNumberCode>
    </Product>
    <TaxTable>
      <TaxTableEntry>
        <TaxType>IVA</TaxType>
        <TaxCountryRegion>PT</TaxCountryRegion>
        <TaxCode>NOR</TaxCode>
        <Description>IVA Taxa Normal</Description>
        <TaxPercentage>23.00</TaxPercentage>
      </TaxTableEntry>
      <TaxTableEntry>
        <TaxType>IVA</TaxType>
        <TaxCountryRegion>PT</TaxCountryRegion>
        <TaxCode>RED</TaxCode>
        <Description>IVA Taxa Reduzida</Description>
        <TaxPercentage>6.00</TaxPercentage>
      </TaxTableEntry>
    </TaxTable>
  </MasterFiles>
  <SourceDocuments>
    <SalesInvoices>
      <NumberOfEntries>2</NumberOfEntries>
      <TotalDebit>0.00</TotalDebit>
      <TotalCredit>2905.00</TotalCredit>
      <Invoice>
        <InvoiceNo>FT 2023/1</InvoiceNo>
        <ATCUD>0</ATCUD>
        <DocumentStatus>
          <InvoiceStatus>N</InvoiceStatus>
          <InvoiceStatusDate>2023-03-15T10:00:00</InvoiceStatusDate>
          <SourceID>user_A</SourceID>
          <SourceBilling>P</SourceBilling>
        </DocumentStatus>
        <Hash>hash_value_1</Hash>
        <HashControl>1</HashControl>
        <InvoiceDate>2023-03-15</InvoiceDate>
        <InvoiceType>FT</InvoiceType>
        <SpecialRegimes>
          <SelfBillingIndicator>0</SelfBillingIndicator>
          <CashVATSchemeIndicator>0</CashVATSchemeIndicator>
          <ThirdPartiesBillingIndicator>0</ThirdPartiesBillingIndicator>
        </SpecialRegimes>
        <SourceID>user_A</SourceID>
        <SystemEntryDate>2023-03-15T10:00:00</SystemEntryDate>
        <CustomerID>CLI001</CustomerID>
        <Line>
          <LineNumber>1</LineNumber>
          <ProductCode>PROD001</ProductCode>
          <ProductDescription>Componente Eletrónico X</ProductDescription>
          <Quantity>10.00</Quantity>
          <UnitOfMeasure>UN</UnitOfMeasure>
          <UnitPrice>150.00</UnitPrice>
          <TaxPointDate>2023-03-15</TaxPointDate>
          <CreditAmount>1500.00</CreditAmount>
          <Tax>
            <TaxType>IVA</TaxType>
            <TaxCountryRegion>PT</TaxCountryRegion>
            <TaxCode>NOR</TaxCode>
            <TaxPercentage>23.00</TaxPercentage>
          </Tax>
        </Line>
        <DocumentTotals>
          <TaxPayable>345.00</TaxPayable>
          <NetTotal>1500.00</NetTotal>
          <GrossTotal>1845.00</GrossTotal>
        </DocumentTotals>
      </Invoice>
      <Invoice>
        <InvoiceNo>FT 2023/2</InvoiceNo>
        <ATCUD>0</ATCUD>
        <DocumentStatus>
          <InvoiceStatus>N</InvoiceStatus>
          <InvoiceStatusDate>2023-04-10T15:30:00</InvoiceStatusDate>
          <SourceID>user_B</SourceID>
          <SourceBilling>P</SourceBilling>
        </DocumentStatus>
        <Hash>hash_value_2</Hash>
        <HashControl>1</HashControl>
        <InvoiceDate>2023-04-10</InvoiceDate>
        <InvoiceType>FT</InvoiceType>
        <SpecialRegimes>
          <SelfBillingIndicator>0</SelfBillingIndicator>
          <CashVATSchemeIndicator>0</CashVATSchemeIndicator>
          <ThirdPartiesBillingIndicator>0</ThirdPartiesBillingIndicator>
        </SpecialRegimes>
        <SourceID>user_B</SourceID>
        <SystemEntryDate>2023-04-10T15:30:00</SystemEntryDate>
        <CustomerID>CLI002</CustomerID>
        <Line>
          <LineNumber>1</LineNumber>
          <ProductCode>SERV001</ProductCode>
          <ProductDescription>Serviço de Consultoria</ProductDescription>
          <Quantity>5.00</Quantity>
          <UnitOfMeasure>H</UnitOfMeasure>
          <UnitPrice>200.00</UnitPrice>
          <TaxPointDate>2023-04-10</TaxPointDate>
          <CreditAmount>1000.00</CreditAmount>
          <Tax>
            <TaxType>IVA</TaxType>
            <TaxCountryRegion>PT</TaxCountryRegion>
            <TaxCode>RED</TaxCode>
            <TaxPercentage>6.00</TaxPercentage>
          </Tax>
        </Line>
        <DocumentTotals>
          <TaxPayable>60.00</TaxPayable>
          <NetTotal>1000.00</NetTotal>
          <GrossTotal>1060.00</GrossTotal>
        </DocumentTotals>
      </Invoice>
    </SalesInvoices>
  </SourceDocuments>
</AuditFile>